@article{shendure2012expanding,
	author={Shendure, J. and Aiden, E. L.},
	title={The expanding scope of DNA sequencing},
	journal={Nature Biotechnology},
	year={2012},
	month={11},
	day={01},
	volume={30},
	number={11},
	pages={1084-1094},
	issn={1546-1696},
	doi={10.1038/nbt.2421}
}

@article{sanger1977DNA,
	author = {Sanger, F. and Nicklen, S. and Coulson, A. R.},
	title = {DNA sequencing with chain-terminating inhibitors},
	journal = {Proceedings of the National Academy of Sciences},
	volume = {74},
	number = {12},
	pages = {5463-5467},
	year = {1977},
	month = {01},
	doi = {10.1073/pnas.74.12.5463}
}

@article{sanger1977nucleotide,
	author={Sanger, F. and Air, G. M. and Barrell, B. G. and Brown, N. L. and 
	Coulson, A. R. and Fiddes, J. C. and Hutchison, C. A. and Slocombe, P. M. and Smith, M.},
	title={Nucleotide sequence of bacteriophage $\phi$X174 DNA},
	journal={Nature},
	year={1977},
	month={02},
	day={01},
	volume={265},
	number={5596},
	pages={687-695},
	issn={1476-4687},
	doi={10.1038/265687a0}
}


@article{vurture2017genomescope,
	Author={Vurture, G. W. and Sedlazeck, F. J. and Nattestad, M. and Underwood, C. J. and Fang, H. and Gurtowski, J. and Schatz, M. C.},
	Title={GenomeScope: fast reference-free genome profiling from short reads},
	Journal={Bioinformatics},
	Year={2017},
	Volume={33},
	Number={14},
	Pages={2202-2204},
	Month={07}, 
	issn = {1367-4803},
	doi={10.1093/bioinformatics/btx153}
}

@article{marcais2011fast,
	author = {Marçais, G. and Kingsford, C.},
	title = "{A fast, lock-free approach for efficient parallel counting of occurrences of k-mers}",
	journal = {Bioinformatics},
	volume = {27},
	number = {6},
	pages = {764-770},
	year = {2011},
	month = {01},
	issn = {1367-4803},
	doi = {10.1093/bioinformatics/btr011}
}

@article{deorowicz2015KMC,
	author = {Deorowicz, S. and Kokot, M. and Grabowski, S. and Debudaj-Grabysz, A.},
	title = "{KMC 2: fast and resource-frugal k-mer counting}",
	journal = {Bioinformatics},
	volume = {31},
	number = {10},
	pages = {1569-1576},
	year = {2015},
	month = {01},
	issn = {1367-4803},
	doi = {10.1093/bioinformatics/btv022}
}

@article{sun2017findGSE,
	author = {Sun, H. and Ding, J. and Piednoël, M. and Schneeberger, K.},
	title = {findGSE: estimating genome size variation within human and Arabidopsis using k-mer frequencies},
	journal = {Bioinformatics},
	volume = {34},
	number = {4},
	pages = {550-557},
	year = {2017},
	month = {10},
	issn = {1367-4803},
	doi = {10.1093/bioinformatics/btx637}
}

@article{azzalini1985class,
	ISSN = {03036898, 14679469},
	URL = {http://www.jstor.org/stable/4615982},
	author = {Azzalini, A.},
	journal = {Scandinavian Journal of Statistics},
	number = {2},
	pages = {171-178},
	title = {A Class of Distributions Which Includes the Normal Ones},
	urldate = {2022-08-05},
	volume = {12},
	year = {1985}
}

@article{azzalini2005skew,
	author = {Azzalini, A.},
	title = {The Skew-normal Distribution and Related Multivariate Families},
	journal = {Scandinavian Journal of Statistics},
	volume = {32},
	number = {2},
	pages = {159-188},
	doi = {10.1111/j.1467-9469.2005.00426.x},
	month = {05},
	year = {2005}
}

@article{sohn2016present,
	author = {Sohn, J. and Nam, J.},
	year = {2016},
	month = {10},
	title = {The present and future of de novo whole-genome assembly},
	volume = {19},
	journal = {Briefings in Bioinformatics},
	number = {1},
	pages = {23-40},
	issn = {1477-4054},
	doi = {10.1093/bib/bbw096}
}


@article {pucker2019MGSE,
	author = {Pucker, B.},
	title = {Mapping-based genome size estimation},
	elocation-id = {607390},
	year = {2019},
	month = {04},
	doi = {10.1101/607390},
	publisher = {Cold Spring Harbor Laboratory},
	journal = {bioRxiv}
}

@article{liu2013GCE,
	doi = {10.48550/ARXIV.1308.2012},
	author = {Liu, B. and Shi, Y. and Yuan, J. and Hu, X. and Zhang, H. and Li, N. and Li, Z. and Chen, Y. and Mu, D. and Fan, W.},	
	title = {Estimation of genomic characteristics by analyzing k-mer frequency in de novo genome projects},
	publisher = {arXiv},
	year = {2013},
	month = {08},
	journal = {arXiv e-prints},
	pages = {arXiv:1308.2012},
	archivePrefix = {arXiv}	
}


@Article{gregory2005synergy,
	author={Gregory, T. R.},
	title={Synergy between sequence and size in Large-scale genomics},
	journal={Nature Reviews Genetics},
	year={2005},
	month={09},
	day={01},
	volume={6},
	number={9},
	pages={699-708},
	issn={1471-0064},
	doi={10.1038/nrg1674}
}

@Article{mapleson2017kat,
	Author={Mapleson, D. and Garcia Accinelli, G. and Kettleborough, G. and Wright, J. and Clavijo, B. J.},
	Title={KAT: a K-mer analysis toolkit to quality control NGS datasets and genome assemblies},
	Journal={Bioinformatics},
	Year={2017},
	Volume={33},
	Number={4},
	Pages={574-576},
	Month={02},
	doi={10.1093/bioinformatics/btw663}
}


@article{shendure2017DNA,
	author={Shendure, J. and Balasubramanian, S. and Church, G. M. and Gilbert, W. and Rogers, J.
	and Schloss, J. A. and Waterston, R. H.},
	title={DNA sequencing at 40: past, present and future},
	journal={Nature},
	year={2017},
	month={10},
	day={01},
	volume={550},
	number={7676},
	pages={345-353},
	doi={10.1038/nature24286}
}


@article{maxam1977new,
	doi={10.1073/pnas.74.2.560},
	author = {Maxam, A. M. and Gilbert, W.},
	title = {A new method for sequencing DNA.},
	journal = {Proceedings of the National Academy of Sciences},
	volume = {74},
	number = {2},
	pages = {560-564},
	year = {1977},
	month = {02}
}

@Article{staden1979strategy,
	Author={Staden, R.},
	Title={A strategy of DNA sequencing employing computer programs},
	Journal={Nucleic Acids Res},
	Year={1979},
	Volume={6},
	Number={7},
	Pages={2601-2610},
	Month={06},
	doi={10.1093/nar/6.7.2601}
}

@article{wajid2014do,
	author = {Wajid, B. and Serpedin, E.},
	title = {Do it yourself guide to genome assembly},
	journal = {Briefings in Functional Genomics},
	volume = {15},
	number = {1},
	pages = {1-9},
	year = {2014},
	month = {11},
	issn = {2041-2649},
	doi = {10.1093/bfgp/elu042}
}

@phdthesis{noune2017dynamics,
	author = {Noune, C.},
	year = {2017},
	title = {Dynamics, diversity and evolution of Baculoviruses},
	school = {Queensland University of Technology},
	doi = {10.5204/thesis.eprints.113154}
}

@Article{heather2016sequence,
	Author={Heather, J. M. and Chain, B.},
	Title={The sequence of sequencers: The history of sequencing DNA},
	Journal={Genomics},
	Year={2016},
	Volume={107},
	Number={1},
	Pages={1-8},
	Month={01},
	doi={10.1016/j.ygeno.2015.11.003}
}

@Article{li2003estimating,
	Author={Li, X. and Waterman, M. S.},
	Title={Estimating the repeat structure and length of DNA sequences using L-tuples},
	Journal={Genome Res},
	Year={2003},
	Volume={13},
	Number={8},
	Pages={1916-1922},
	Month={08},
	doi = {10.1101/gr.1251803}
}


@Article{maccallum2009allpaths2,
	Author={Maccallum, I. and Przybylski, D. and Gnerre, S. and Burton, J. and Shlyakhter, I. and Gnirke, A. and Malek, J. and McKernan, K. and Ranade, S. and Shea, T. P. and Williams, L. and Young, S. and Nusbaum, C. and Jaffe, D. B.},
	Title={ALLPATHS 2: small genomes assembled accurately and with high continuity from short paired reads},
	Journal={Genome Biol},
	Year={2009},
	Month={10},
	Volume={10},
	Number={10},
	Pages={R103}, 
	doi={10.1186/gb-2009-10-10-r103}
}

@Article{butler2008allpaths,
	Author={Butler, J. and MacCallum, I. and Kleber, M. and Shlyakhter, I. A. and Belmonte, M. K. and Lander, E. S. and Nusbaum, C. and Jaffe, D. B.},
	Title={ALLPATHS: de novo assembly of whole-genome shotgun microreads},
	Journal={Genome Res},
	Year={2008},
	Volume={18},
	Number={5},
	Pages={810-820},
	Month={05},
	doi={10.1101/gr.7337908}
}

@Article{gnerre2011high,
	Author={Gnerre, S. and Maccallum, I. and Przybylski, D. and Ribeiro, F. J. and Burton, J. N. and Walker, B. J.  and Sharpe, T. and Hall, G. and Shea, T. P. and Sykes, S. and Berlin, A. M. and Aird, D. and Costello, M. and Daza, R. and Williams, L. and Nicol, R. and Gnirke, A. and Nusbaum, C. and Lander, E. S. and Jaffe, D. B.},
	Title={High-quality draft assemblies of mammalian genomes from massively parallel sequence data},
	Journal={Proceedings of the National Academy of Sciences},
	Year={2011},
	Volume={108},
	Number={4},
	Pages={1513-1518},
	Month={01},
	doi={10.1073/pnas.1017351108}
}

@article{simao2015busco,
	author = {Simão, F. A. and Waterhouse, R. M. and Ioannidis, P. and Kriventseva, E. V. and Zdobnov, E. M.},
	title = {BUSCO: assessing genome assembly and annotation completeness with single-copy orthologs},
	journal = {Bioinformatics},
	volume = {31},
	number = {19},
	pages = {3210-3212},
	year = {2015},
	month = {06},
	issn = {1367-4803},
	doi = {10.1093/bioinformatics/btv351}
}

@article{li2005trumatch,
	author = {Li, W. and Rehmeyer, C. J. and Staben, C. and Farman, M. L.},
	title = {TruMatch—a BLAST post-processor that identifies bona fide sequence matches to genome assemblies},
	journal = {Bioinformatics},
	volume = {21},
	number = {9},
	pages = {2097-2098},
	year = {2005},
	month = {01},
	issn = {1367-4803},
	doi = {10.1093/bioinformatics/bti257}
}


@article{li2009sequence,
	author = {Li, H. and Handsaker, B. and Wysoker, A. and Fennell, T. and Ruan, J. and Homer, N. and Marth, G. and Abecasis, G. and Durbin, R. and 1000 Genome Project Data Processing Subgroup},
	title = {The Sequence Alignment/Map format and SAMtools},
	journal = {Bioinformatics},
	volume = {25},
	number = {16},
	pages = {2078-2079},
	year = {2009},
	month = {06},
	issn = {1367-4803},
	doi = {10.1093/bioinformatics/btp352}
}


@Article{pucker2018genome,
	author={Pucker, B. and Brockington, S. F.},
	title={Genome-wide analyses supported by RNA-Seq reveal non-canonical splice sites in plant genomes},
	journal={BMC Genomics},
	year={2018},
	month={12},
	day={29},
	volume={19},
	number={1},
	pages={980},
	issn={1471-2164},
	doi={10.1186/s12864-018-5360-z}
}

@Article{jiang2014skewer,
	author={Jiang, H. and Lei, R. and Ding, S. and Zhu, S.},
	title={Skewer: a fast and accurate adapter trimmer for next-generation sequencing paired-end reads},
	journal={BMC Bioinformatics},
	year={2014},
	month={06},
	day={12},
	volume={15},
	number={1},
	pages={182},
	issn={1471-2105},
	doi={10.1186/1471-2105-15-182}
}

@article{li2009fast,
	author = {Li, H. and Durbin, R.},
	title = {Fast and accurate short read alignment with Burrows–Wheeler transform},
	journal = {Bioinformatics},
	volume = {25},
	number = {14},
	pages = {1754-1760},
	year = {2009},
	month = {05},
	issn = {1367-4803},
	doi = {10.1093/bioinformatics/btp324}
}


@article{xu2012fastuniq,
	doi = {10.1371/journal.pone.0052249},
	author = {Xu, H. and Luo, X. and Qian, J. and Pang, X. and Song, J. and Qian, G. and Chen, J. and Chen, S.},
	journal = {PLOS ONE},
	publisher = {Public Library of Science},
	title = {FastUniq: A Fast De Novo Duplicates Removal Tool for Paired Short Reads},
	year = {2012},
	month = {12},
	volume = {7},
	pages = {1-6},
	number = {12}
}

@Article{ross2013characterizing,
	author={Ross, M. G. and Russ, C. and Costello, M. and Hollinger, A.	and Lennon, N. J. and Hegarty, R. and Nusbaum, C. and Jaffe, D. B.},
	title={Characterizing and measuring bias in sequence data},
	journal={Genome Biology},
	year={2013},
	month={05},
	day={29},
	volume={14},
	number={5},
	pages={R51},
	issn={1474-760X},
	doi={10.1186/gb-2013-14-5-r51}
}






